% Encoding: UTF-8
%
% Turn off URLs (from https://tex.stackexchange.com/a/268987)
@IEEEtranBSTCTL{MyBSTcontrol,
	CTLuse_url = "no",
}

@inproceedings{Brunet2014a,
	author = {Brunet, Jo\~{a}o and Murphy, Gail C. and Terra, Ricardo and Figueiredo, Jorge and Serey, Dalton},
	title = {Do Developers Discuss Design?},
	booktitle = {Proceedings of the 11th Working Conference on Mining Software Repositories},
	series = {MSR 2014},
	year = {2014},
	isbn = {978-1-4503-2863-0},
	location = {Hyderabad, India},
	pages = {340--343},
	numpages = {4},
	url = {http://doi.acm.org/10.1145/2597073.2597115},
	doi = {10.1145/2597073.2597115},
	acmid = {2597115},
	publisher = {ACM},
	address = {New York, NY, USA},
	keywords = {Design Discussions, Empirical Study, Machine Learning},
}

@inproceedings{Gousios2013,
	author = {Gousios, Georgios},
	title = {The GHTorent Dataset and Tool Suite},
	booktitle = {Proceedings of the 10th Working Conference on Mining Software Repositories},
	series = {MSR '13},
	year = {2013},
	isbn = {978-1-4673-2936-1},
	location = {San Francisco, CA, USA},
	pages = {233--236},
	numpages = {4},
	url = {http://dl.acm.org/citation.cfm?id=2487085.2487132},
	acmid = {2487132},
	publisher = {IEEE Press},
	address = {Piscataway, NJ, USA},
}

@article{Wilbur1992,
author = {W. John Wilbur and Karl Sirotkin},
title ={The automatic identification of stop words},
journal = {Journal of Information Science},
volume = {18},
number = {1},
pages = {45-55},
year = {1992},
doi = {10.1177/016555159201800106},
}

@INPROCEEDINGS{1223656, 
	author={C. {Silva} and B. {Ribeiro}}, 
	booktitle={Proceedings of the International Joint Conference on Neural Networks, 2003.}, 
	title={The importance of stop word removal on recall values in text categorization}, 
	year={2003}, 
	volume={3}, 
	number={}, 
	pages={1661-1666 vol.3}, 
	keywords={text editing;data reduction;support vector machines;indexing;classification;information retrieval;stop word removal;text categorization;learning task;data set reduction;text classification;algorithm performance improvement;storage space;support vector machines;REUTERS-21578 benchmark;Text categorization;Support vector machines;Support vector machine classification;Text processing;Large-scale systems;Information retrieval;Text mining;Internet;Humans;Taxonomy}, 
	doi={10.1109/IJCNN.2003.1223656}, 
	ISSN={1098-7576}, 
	month={July},
}

@inproceedings{Loper2002,
	author = {Loper, Edward and Bird, Steven},
	title = {NLTK: The Natural Language Toolkit},
	booktitle = {Proceedings of the ACL-02 Workshop on Effective Tools and Methodologies for Teaching Natural Language Processing and Computational Linguistics - Volume 1},
	series = {ETMTNLP '02},
	year = {2002},
	location = {Philadelphia, Pennsylvania},
	pages = {63--70},
	numpages = {8},
	url = {https://doi.org/10.3115/1118108.1118117},
	doi = {10.3115/1118108.1118117},
	acmid = {1118117},
	publisher = {Association for Computational Linguistics},
	address = {Stroudsburg, PA, USA},
}

@inproceedings{Shakiba2016,
	author = {Shakiba, Abbas and Green, Robert and Dyer, Robert},
	title = {FourD: Do Developers Discuss Design? Revisited},
	booktitle = {Proceedings of the 2Nd International Workshop on Software Analytics},
	series = {SWAN 2016},
	year = {2016},
	isbn = {978-1-4503-4395-4},
	location = {Seattle, WA, USA},
	pages = {43--46},
	numpages = {4},
	url = {http://doi.acm.org/10.1145/2989238.2989244},
	doi = {10.1145/2989238.2989244},
	acmid = {2989244},
	publisher = {ACM},
	address = {New York, NY, USA},
	keywords = {Boa, machine-learning, mining, software design},
}

@ARTICLE{Maldonado2017, 
	author={E. d. S. {Maldonado} and E. {Shihab} and N. {Tsantalis}}, 
	journal={IEEE Transactions on Software Engineering}, 
	title={Using Natural Language Processing to Automatically Detect Self-Admitted Technical Debt}, 
	year={2017}, 
	volume={43}, 
	number={11}, 
	pages={1044-1062}, 
	keywords={computer crime;Java;natural language processing;project management;public domain software;software maintenance;software management;software quality;SQL;Natural Language Processing;requirement debt;self-admitted technical debt detection;open source projects;source code quality;source code comment classification;NLP;design debt;Software;Natural language processing;Manuals;Entropy;Unified modeling language;Java;Structured Query Language;Technical debt;source code comments;natural language processing;empirical study}, 
	doi={10.1109/TSE.2017.2654244}, 
	ISSN={0098-5589}, 
	month={Nov},
}

@inproceedings{Viviani2018,
	author = {Viviani, Giovanni and Janik-Jones, Calahan and Famelis, Michalis and Xia, Xin and Murphy, Gail C.},
	title = {What Design Topics Do Developers Discuss?},
	booktitle = {Proceedings of the 26th Conference on Program Comprehension},
	series = {ICPC '18},
	year = {2018},
	isbn = {978-1-4503-5714-2},
	location = {Gothenburg, Sweden},
	pages = {328--331},
	numpages = {4},
	url = {http://doi.acm.org/10.1145/3196321.3196357},
	doi = {10.1145/3196321.3196357},
	acmid = {3196357},
	publisher = {ACM},
	address = {New York, NY, USA},
}  